
@book{Ashkin,
    title       = {Observation of a single-beam gradient force optical trap for dielectric particles},
    author      = {A. Ashkin and J. M. Dziedzic and J. E. Bjorkholm and S. Chu},
    year        = {1986},
    publisher   = {Opt. Lett.}
}

@book{Taguchi,
    title       = {Single laser beam fiber optic trap},
    author      = {K. Taguchi and K. Atsuta and T. Nakata and M. Ikeda},
    year        = {2001},
    publisher   = {Opt. Quantum Electron}
}

@book{Taylor,
    title       = {Particle trapping in 3-D using a single fiber probe with an annular light distribution},
    author      = {R. S. Taylor and C. Hnatovsky},
    year        = {2003},
    publisher   = {Opt. Express}
}


@misc{NOF,
  title        = {Page de l'équipe {NOF}},
  author       = "",
  year         = "",
  howpublished = "\url{http://neel.cnrs.fr/spip.php?rubrique1120}"
}

@misc{
    Decombe,
    title = {\textit{Développement et application d’une pince optique à fibres nano-structurées}},
    author = {Jean-Baptiste Decombe},
    howpublished = {PhD thesis, \url{https://tel.archives-ouvertes.fr/tel-01254352}},
    year = {2015}
}
